@article{erfort2023partypress,
  title={The PARTYPRESS Database: A new comparative database of partiesâ€™ press releases},
  author={Erfort, Cornelius and Stoetzer, Lukas F and Kl{\"u}ver, Heike},
  journal={Research \& Politics},
  volume={10},
  number={3},
  year={2023},
  publisher={SAGE Publications Sage UK: London, England}
}
@article{dickson2024going,
  title={Going against the grain: Climate change as a wedge issue for the radical right},
  author={Dickson, Zachary P and Hobolt, Sara B},
  journal={Comparative Political Studies},
  year={2024},
  publisher={SAGE Publications Sage CA: Los Angeles, CA}
}
@article{walgrave2019comparative,
  title={The Comparative Agendas Project},
  author={Walgrave, Stefaan and Boydstun, Amber E},
  journal={Comparative Policy Agendas: Theory, Tools, Data},
  pages={35},
  year={2019},
  publisher={Oxford University Press}
}
@article{achiam2023gpt,
  title={Gpt-4 Technical Report},
  author={Achiam, Josh and Adler, Steven and Agarwal, Sandhini and Ahmad, Lama and Akkaya, Ilge and Aleman, Florencia Leoni and Almeida, Diogo and Altenschmidt, Janko and Altman, Sam and Anadkat, Shyamal and others},
  journal={arXiv preprint arXiv:2303.08774},
  year={2023}
}
@article{xlm_roberta,
  author    = {Alexis Conneau and
               Kartikay Khandelwal and
               Naman Goyal and
               Vishrav Chaudhary and
               Guillaume Wenzek and
               Francisco Guzm{\'{a}}n and
               Edouard Grave and
               Myle Ott and
               Luke Zettlemoyer and
               Veselin Stoyanov},
  title     = {Unsupervised Cross-lingual Representation Learning at Scale},
  journal   = {CoRR},
  volume    = {abs/1911.02116},
  year      = {2019},
  url       = {http://arxiv.org/abs/1911.02116},
  eprinttype = {arXiv},
  eprint    = {1911.02116},
  timestamp = {Mon, 11 Nov 2019 18:38:09 +0100},
  biburl    = {https://dblp.org/rec/journals/corr/abs-1911-02116.bib},
  bibsource = {dblp computer science bibliography, https://dblp.org}
}
@article{doring2012parliament,
  title={Parliament and government composition database (ParlGov)},
  author={D{\"o}ring, Holger and Manow, Philip},
  journal={An infrastructure for empirical information on parties, elections and governments in modern democracies. Version},
  volume={12},
  number={10},
  year={2012}
}